<record><leader>00000cas a22000007a 4500</leader><controlfield tag="001">22974176</controlfield><controlfield tag="008">910117d19251926maudn ne      0    0eng d</controlfield><datafield ind1=" " ind2=" " tag="010"><subfield code="a">sn 89063440 </subfield></datafield><datafield ind1=" " ind2=" " tag="040"><subfield code="a">MGN</subfield><subfield code="b">eng</subfield><subfield code="c">MGN</subfield><subfield code="d">OCLCQ</subfield></datafield><datafield ind1=" " ind2=" " tag="042"><subfield code="a">msc</subfield></datafield><datafield ind1="0" ind2="0" tag="245"><subfield code="a">Westfield journal valley echo, Huntington herald, Chester chronicle.</subfield></datafield><datafield ind1=" " ind2=" " tag="260"><subfield code="a">Westfield, Mass. :</subfield><subfield code="b">Westfield Press</subfield></datafield><datafield ind1=" " ind2=" " tag="300"><subfield code="a">v.</subfield></datafield><datafield ind1=" " ind2=" " tag="310"><subfield code="a">Daily (except Sun. and holidays)</subfield></datafield><datafield ind1="0" ind2=" " tag="362"><subfield code="a">Vol. 2, no. 105 (Mar. 25, 1925)-v. 3, no. 60 (Jan. 30, 1926).</subfield></datafield><datafield ind1=" " ind2=" " tag="752"><subfield code="a">United States</subfield><subfield code="b">Massachusetts</subfield><subfield code="c">Hampden</subfield><subfield code="d">Westfield.</subfield></datafield><datafield ind1="0" ind2="0" tag="780"><subfield code="t">Westfield daily journal and valley echo, Huntington herald, Chester chronicle</subfield><subfield code="w">(DLC)sn 89063439</subfield></datafield><datafield ind1="1" ind2=" " tag="029"><subfield code="a">AU@</subfield><subfield code="b">000025852489</subfield></datafield></record>